@book{weisfeld:2013,
  author    = {Matt Weisfeld},
  title     = {The Object-Oriented Thought Process},
  publisher = {Addison-Wesley},
  year      = {2013},
  edition   = {4th}
}

@book{meyer:97,
  author    = {Bertand Meyer},
  title     = {Object-Oriented Software Construction},
  publisher = {Prentice Hall},
  year      = {1997},
  edition   = {2nd}
}

@book{booch:2007,
  author    = {Grady Booch et al},
  title     = {Object-Oriented Analysis and Design with Applications},
  publisher = {Addison-Wesley Professional},
  year      = {2007},
  edition   = {3rd}
}

@book{horstmann-cornell:2012,
  author    = {Cay S. Horstmann and Gary Cornell},
  title     = {Core Java, Volume I - Fundamentals},
  publisher = {Prentice Hall},
  year      = {2012},
  edition   = {9th}
}

@book{horstmann-cornell:2013,
  author    = {Cay S. Horstmann and Gary Cornell},
  title     = {Core Java, Volume II - Advanced Features},
  publisher = {Prentice Hall},
  year      = {2013},
  edition   = {9th}
}

@misc{wiki:cartola,
  author       = {{Wikipédia}},
  title        = {{Cartola FC}},
  year         = {2025},
  howpublished = {\url{https://pt.wikipedia.org/wiki/Cartola_FC}},
  note         = {[Online; acesso em 01-jun-2025]}
}

@misc{wiki:fantasy,
  author       = {{Wikipédia}},
  title        = {{Fantasy sport}},
  year         = {2025},
  howpublished = {\url{https://en.wikipedia.org/wiki/Fantasy_sport}},
  note         = {[Online; acesso em 01-jun-2025]}
}